@incollection{hastie2009unsupervised,
  title={Unsupervised learning},
  author={Hastie, Trevor and Tibshirani, Robert and Friedman, Jerome},
  booktitle={The elements of statistical learning},
  pages={485--585},
  year={2009},
  publisher={Springer}
}

@inproceedings{coates2011analysis,
  title={An analysis of single-layer networks in unsupervised feature learning},
  author={Coates, Adam and Ng, Andrew and Lee, Honglak},
  booktitle={Proceedings of the fourteenth international conference on artificial intelligence and statistics},
  pages={215--223},
  year={2011}
}

@article{figueiredo2002unsupervised,
  title={Unsupervised learning of finite mixture models},
  author={Figueiredo, Mario A. T. and Jain, Anil K.},
  journal={IEEE Transactions on pattern analysis and machine intelligence},
  volume={24},
  number={3},
  pages={381--396},
  year={2002},
  publisher={Ieee}
}
