@incollection{hastie2009unsupervised,
  title={Unsupervised learning},
  author={Hastie, Trevor and Tibshirani, Robert and Friedman, Jerome},
  booktitle={The elements of statistical learning},
  pages={485--585},
  year={2009},
  publisher={Springer}
}

@article{BaumannFlorian2018HGPR,
issn = {1877-0509},
journal = {Procedia Computer Science},
pages = {1289--1297},
volume = {126},
publisher = {Elsevier B.V.},
year = {2018},
title = {Hardcore Gamer Profiling: Results from an unsupervised learning approach to playing behavior on the Steam platform},
language = {eng},
author = {Baumann, Florian and Emmert, Dominik and Baumgartl, Hermann and Buettner, Ricardo},
keywords = {Computer Gaming Behavior ; Hardcore Gamer ; Player Profiling ; K-Means Cluster Analysis},
}

@inproceedings{DrachenA.2012Gsad,
journal = {Computational Intelligence and Games (CIG), 2012 IEEE Conference on},
pages = {163--170},
publisher = {IEEE},
isbn = {9781467311939},
year = {2012},
title = {Guns, swords and data: Clustering of player behavior in computer games in the wild},
language = {eng},
author = {Drachen, A. and Sifa, R. and Bauckhage, C. and Thurau, C.},
keywords = {Computing and Processing},
}

@inproceedings{DrachenA.2015Sdis,
publisher = {Institute of Electrical and Electronics Engineers Inc.},
booktitle = {Conference Proceedings - 2014 IEEE Games, Media, Entertainment Conference, IEEE GEM 2014},
isbn = {9781479975464},
year = {2015},
title = {Skill-based differences in spatio-Temporal team behaviour in defence of the Ancients 2 (DotA 2)},
copyright = {Copyright 2015 Elsevier B.V., All rights reserved.},
author = {Drachen, A. and Yancey, M. and Maguire, J. and Chu, D. and Wang, I.Y. and Mahlmann, T. and Schubert, M. and Klabajan, D.},
keywords = {Dota 2 ; Game Analytics ; Moba ; Multi-Player Online Battle Arena ; Player Modelling ; Skill ; Spatial Analytics},
}

@article{zhang1999k,
  title={K-harmonic means-a data clustering algorithm},
  author={Zhang, Bin and Hsu, Meichun and Dayal, Umeshwar},
  journal={Hewlett-Packard Labs Technical Report HPL-1999-124},
  year={1999}
}

@inproceedings{GobinathR.2013Aokm,
journal = {Computational Intelligence and Computing Research (ICCIC), 2013 IEEE International Conference on},
pages = {1--4},
publisher = {IEEE},
isbn = {9781479915941},
year = {2013},
title = {An optimized k-harmonic mean based clustering user navigation patterns},
language = {eng},
author = {Gobinath, R. and Hemalatha, M.},
keywords = {Communication, Networking and Broadcast Technologies ; Components, Circuits, Devices and Systems ; Computing and Processing ; Fields, Waves and Electromagnetics ; General Topics for Engineers ; Robotics and Control Systems ; Signal Processing and Analysis},
}